<?xml version="1.0" encoding="UTF-8"?><collection xmlns="http://www.loc.gov/MARC21/slim"><record><leader>00309nam--2200109-i-4500</leader><controlfield tag="001">000037120</controlfield><controlfield tag="002">20161230</controlfield><controlfield tag="005">20161230201041</controlfield><controlfield tag="008">060222s1000------------r-----000-0-eng-d</controlfield><datafield ind1=" " ind2=" " tag="245"><subfield code="a">Probleme de elaborare a fontei maleabile. culegere de material documentar</subfield></datafield><datafield ind1=" " ind2=" " tag="260"><subfield code="a">Bucuresti, I.D.T., 1957, 68p.Lito</subfield></datafield><datafield ind1=" " ind2=" " tag="852"><subfield code="a">415</subfield></datafield></record></collection>